% This file was created with JabRef 2.7.2.
% Encoding: UTF-8

@BOOK{Breiman1984,
  title = {Classification and regression trees},
  publisher = {Chapman and Hall},
  year = {1984},
  author = {Breiman, Leo and Friedman, J. H. and Olshen, R. A. and Stone, C.
	J.},
  owner = {brownlee},
  timestamp = {2011.11.23}
}

@BOOK{Quinlan1993,
  title = {C4.5: Programs for Machine Learning},
  publisher = {Morgan Kaufmann},
  year = {1993},
  author = {J. R. Quinlan},
  owner = {brownlee},
  timestamp = {2011.11.23}
}

